@inproceedings{aiken-typeinclusion,
    author = {Alexander Aiken and Edward L. Wimmers},
    title = {Type Inclusion Constraints and Type Inference},
    booktitle = {In proceedings of the 1993 Conference on Functional Programming Languages and Computer Architecture},
    year = {1993},
    pages = {31--41}
}

@article{wand-typeinference, 
    title={A Simple Algorithm and Proof for Type Inference}, 
    volume={10}, 
    journal={Fundamenta Informaticae}, 
    author={Wand, Mitchell}, 
    year={1987}, 
    pages={115--122}
}

@article{aiken-setconstraint,
    author = {Alexander Aiken},
    title = {Introduction to set constraint-based program analysis}, 
    journal={Science of Computer Programming}, 
    volume={35},
    pages={79--111}, 
    year={1999}
}

@inproceedings{king:esop10,
    author={Dave King and Susmit Jha and Divya Muthukumaran and Trent Jaeger and Somesh Jha and Sanjit A. Seshia},
    title ={Automating Security Mediation Placement},
    booktitle={In Proceedings of European Symposium on Programming (ESOP)},
    pages={327--344},
    year={2010}
}

@inproceedings{chong:sp11,
    author={Jeffrey A. Vaughan and Stephen Chong},
    title={Inference of Expressive Declassification Policies},
    booktitle={Proceedings of the 2011 {IEEE} Symposium on Security and Privacy},
    year=2011,
    pages={180--195}
}

@inproceedings{harris:ccs10,
    author = {Harris, William R. and Jha, Somesh and Reps, Thomas},
    title = {DIFC programs by automatic instrumentation},
    booktitle = {Proceedings of the 17th ACM conference on Computer and communications security},
    year = {2010},
    pages = {284--296}
} 

@article{reps-graph,
    title = "Program analysis via graph reachability",
    journal = "Information and Software Technology",
    volume = "40",
    number = "11--12",
    pages = "701--726",
    year = "1998",
    author = "Thomas Reps"
}

@article{melski-cflgraph,
    author={David Melski and Thomas Reps}, 
    title={Interconvertibility of a class of set constraints and context-free language reachability},
    journal={Theoretical Computer Science},
    volume={248}, 
    number={1--2},
    year={2000}, 
    pages={29--98}
}
